@techreport{2014The,
  title={The risc-v instruction set manual. volume 1: User-level isa, version 2.0},
  author={Waterman, Andrew and Lee, Yunsup and Patterson, David A and Asanovi, Krste},
  year={2014},
  institution={California Univ Berkeley Dept of Electrical Engineering and Computer Sciences}
}

@techreport{2015The,
  title={The risc-v instruction set manual volume 2: Privileged architecture version 1.7},
  author={Waterman, Andrew and Lee, Yunsup and Avizienis, Rimas and Patterson, David A and Asanovic, Krste},
  year={2015},
  institution={University of California at Berkeley Berkeley United States}
}

@article{雷思磊2017RISC,
  title={RISC-V架构的开源处理器及SoC研究综述},
  author={雷思磊},
  journal={单片机与嵌入式系统应用},
  volume={17},
  number={2},
  pages={6},
  year={2017},
}

@article{孙卫真2021基于,
  title={基于RISC-V的计算机系统综合实验设计},
  author={孙卫真 and 刘雪松 and 朱威浦 and 向勇},
  journal={计算机工程与设计},
  volume={42},
  number={4},
  pages={7},
  year={2021},
}

@article{2018嘉楠科技勘智,
  title={嘉楠科技勘智Kendryte芯片发布},
  journal={信息网络安全},
  year={2018},
}

@article{孙述和2010操作系统实验教学研究与探索,
  title={操作系统实验教学研究与探索},
  author={孙述和 and 谢青松 and 董付国 and 杜萍},
  journal={计算机教育},
  number={1},
  pages={4},
  year={2010},
}

@article{郭勇2019RISC,
  title={RISC-V架构开源CPU的设计与实现},
  author={郭勇 and 罗乐 and 刘森态 and 付强 and 马超 and 刘娟秀 and 赖祥军},
  journal={探索科学},
  year={2019},
}

@article{胡振波2019RISC,
  title={RISC-V的爆发,是中国芯片产业的一次机遇!},
  author={胡振波},
  journal={单片机与嵌入式系统应用},
  volume={19},
  number={7},
  pages={3},
  year={2019},
}

@article{2019Research,
  title={Research on Binary Neural Network Classification Models Based on the PYNQ Development Board},
  author={ Cui, Y.  and  Shu, G.  and  Li, D. },
  journal={Electrical Automation},
  year={2019},
}

@article{张其亮2010操作系统课程实验教学改革探析,
  title={操作系统课程实验教学改革探析},
  author={张其亮 and 韩斌},
  journal={计算机教育},
  number={07},
  pages={91-93},
  year={2010},
}

@article{张治国2020Xv6,
  title={Xv6操作系统在教学中的应用探讨},
  author={张治国},
  journal={福建电脑},
  year={2020},
}

@article{2021Reform,
  title={Reform and Practice of Operating System Course},
  author={ Zhang, D.  and  Liu, Y.  and  Xing, W. },
  journal={计算机教育},
  number={12},
  pages={6},
  year={2021},
}

@article{2019Porting,
  title={Porting of eChronos RTOS on RISC-V Architecture},
  author={ Singhal, S. P.  and  Sridevi, M.  and  Narayanan, N. S.  and  Raman, Mjs },
  journal={Advances in Communication and Computational Technology},
  year={2019},
}

@article{FSK2014The,
  title={The Rust Language},
  author={FSK Ⅱ and  Matsakis, N. },
  journal={Ada letters},
  year={2014},
}

@article{Ma2006Analyse,
  title={Analyse and Research of Makefile Base on Linux 2.6},
  author={Ma, X},
  journal={CONTROL AND AUTOMATION},
  volume={166},
  pages={232},
  year={2006},
  publisher={Weijisuanji Xinxi Zazhishe}
}


@book{2009Python,
  title={The python language reference manual},
  author={Van Rossum, Guido and Drake, Fred L},
  year={2011},
  publisher={Network Theory Ltd.}
}

@article{2013Installing,
  title={Installing Python Modules with pip},
  author={ Gibbs, F. },
  journal={The Programming Historian},
  number={2},
  year={2013},
}


@article{马学文2005嵌入式系统中,
  title={嵌入式系统中Bootloader的设计与实现},
  author={马学文 and 朱名日 and 程小辉},
  journal={计算机工程},
  volume={31},
  number={7},
  pages={3},
  year={2005},
}

@article{2002Flash,
  title={Flash memory cells-an overview},
  author={ Pavan, P.  and  Bez, R. },
  journal={Proceedings of the IEEE},
  volume={85},
  number={8},
  pages={1248-1271},
  year={2002},
}

@article{2006IEEE,
  title={IEEE Standard System C Language Reference Manual},
  author={ Ieee, B. E. },
  journal={IEEE},
  year={2006},
}

@book{1996Computer,
  title={Computer architecture: a quantitative approach},
  author={Hennessy, John L and Patterson, David A},
  year={2011},
  publisher={Elsevier}
}

@misc{RustSBI_K210,
  author = {luojia},
  title = {rustsbi-k210},
  year = {2022},
  publisher = {GitHub},
  journal = {GitHub repository},
  howpublished = {\url{https://github.com/rustsbi/rustsbi-k210}},
  commit = {726e75904767513a65a95efbc22a0346b058ecef}
}


@misc{PKE_GitHub,
  author = {华中科技大学操作系统团队},
  title = {riscv-pke},
  year = {2021},
  publisher = {GitHub},
  journal = {GitHub repository},
  howpublished = {\url{https://gitee.com/hustos/riscv-pke}},
  commit = {f287fda5a6fe2929e7c7e23c75bade45370d6c44}
}


@misc{PKE_doc_GitHub,
  author = {华中科技大学操作系统团队},
  title = {pke-doc},
  year = {2021},
  publisher = {GitHub},
  journal = {GitHub repository},
  howpublished = {\url{https://gitee.com/hustos/pke-doc}},
  commit = {5a9439d4be5b949f1cc7f0249a91cb35e05a800c}
}
